<record><leader>00000cas a2200000 a 4500</leader><controlfield tag="001">8766612</controlfield><controlfield tag="008">820911d18511853dcuwr ne      0    0eng  </controlfield><datafield ind1=" " ind2=" " tag="010"><subfield code="a">sn 82014168 </subfield></datafield><datafield ind1=" " ind2=" " tag="040"><subfield code="a">DLC</subfield><subfield code="b">eng</subfield><subfield code="c">DLC</subfield><subfield code="d">NPX</subfield><subfield code="d">DLC</subfield><subfield code="d">OCLCQ</subfield></datafield><datafield ind1=" " ind2=" " tag="042"><subfield code="a">pcc</subfield></datafield><datafield ind1=" " ind2=" " tag="043"><subfield code="a">n-us-dc</subfield></datafield><datafield ind1="0" ind2="0" tag="050"><subfield code="a">Newspaper 7360</subfield></datafield><datafield ind1="0" ind2=" " tag="130"><subfield code="a">Metropolitan (Washington, D.C. : 1851)</subfield></datafield><datafield ind1="1" ind2="4" tag="245"><subfield code="a">The Metropolitan.</subfield></datafield><datafield ind1=" " ind2=" " tag="260"><subfield code="a">Washington, D.C. :</subfield><subfield code="b">Lucien Lasselle,</subfield><subfield code="c">1851-1853.</subfield></datafield><datafield ind1=" " ind2=" " tag="300"><subfield code="a">2 v. ;</subfield><subfield code="c">68 cm.</subfield></datafield><datafield ind1=" " ind2=" " tag="310"><subfield code="a">Weekly</subfield></datafield><datafield ind1="0" ind2=" " tag="362"><subfield code="a">Vol. 1, no. 1 (July 12, 1851)-v. 2, no. 52 (July 9, 1853).</subfield></datafield><datafield ind1=" " ind2=" " tag="500"><subfield code="a">Dec. 11, issue has extra ed.</subfield></datafield><datafield ind1=" " ind2=" " tag="500"><subfield code="a">"A literary and miscellaneous family newspaper."</subfield></datafield><datafield ind1=" " ind2=" " tag="530"><subfield code="a">Also issued on microfilm from the Library of Congress, Photoduplication Service.</subfield></datafield><datafield ind1=" " ind2=" " tag="752"><subfield code="a">United States</subfield><subfield code="b">District of Columbia</subfield><subfield code="d">Washington.</subfield></datafield><datafield ind1="0" ind2="0" tag="785"><subfield code="t">Weekly metropolitan</subfield><subfield code="w">(DLC)sn 82014793</subfield></datafield><datafield ind1="1" ind2=" " tag="029"><subfield code="a">AU@</subfield><subfield code="b">000020423077</subfield></datafield></record>